% This file was created with JabRef 2.6.
% Encoding: UTF-8

@BOOK{structural-bionformatics,
  title = {Structural Bionformatics},
  publisher = {Wiley-Liss},
  year = {2003},
  author = {P.E. Bourne and H. Weissig},
  owner = {mrsmith},
  timestamp = {2011.06.02}
}

@ARTICLE{wiki-3,
  author = {A. Godzik},
  title = {The structural alignment of proteins: is there a unique answer?},
  journal = {Protein Sci},
  year = {1996},
  volume = {5},
  pages = {1325-8},
  owner = {mrsmith},
  timestamp = {2011.06.02}
}

@ARTICLE{chimera-alignment,
  author = {Eric F. Pettersen and Gregory S. Couch and Conrad C. Huang and Thomas
	E. Ferrinchi},
  title = {Tools for integrated sequence-structure analysis with UCSF Chimera},
  journal = {BMC Bioinformatics},
  year = {2006},
  owner = {mrsmith},
  timestamp = {2011.06.02},
  url = {http://www.ncbi.nlm.nih.gov/pmc/articles/PMC1570152/?tool=pubmed}
}

@ARTICLE{wiki-12,
  author = {A Poleksic},
  title = {Algorithms for optimal protein structure alignment.},
  journal = {Bioinformatics},
  year = {2009},
  volume = {25},
  pages = {2751-2756},
  owner = {mrsmith},
  timestamp = {2011.06.02}
}

@ARTICLE{ptools,
  author = {Adrien Saladin and Sébastien Fiorucci and Pierre Poulain and Chantal
	Prévost and Martin Zacharias},
  title = {PTools: an opensource molecular docking library},
  journal = {BMC Structural Biology},
  year = {2009},
  volume = {9:27},
  owner = {mrsmith},
  timestamp = {2011.06.02},
  url = {http://www.biomedcentral.com/1472-6807/9/27}
}

@ARTICLE{wiki-11,
  author = {N. Siew and A. Elofsson and L. Rychlewsk and D. Fischer},
  title = {MaxSub: an automated measure for the assessment of protein structure
	prediction quality.},
  journal = {Bioinformatics},
  year = {2000},
  volume = {16},
  pages = {776-785},
  owner = {mrsmith},
  timestamp = {2011.06.02}
}

@ARTICLE{wiki-2,
  author = {A. Zemla},
  title = {LGA - A Method for Finding 3-D Similarities in Protein Structures.},
  journal = {Nucleic Acids Research},
  year = {2003},
  volume = {31(13)},
  pages = {3370-3374},
  owner = {mrsmith},
  timestamp = {2011.06.02}
}

@MANUAL{algolist-cgl,
  title = {Online Structure Alignment Resources},
  owner = {mrsmith},
  timestamp = {2011.06.02},
  url = {http://www.cgl.ucsf.edu/home/meng/grpmt/structalign.html}
}

@MANUAL{algolist-protopedia,
  title = {Structural alignment tools},
  owner = {mrsmith},
  timestamp = {2011.06.02},
  url = {http://proteopedia.org/wiki/index.php/Structural\_alignment\_tools}
}

@MANUAL{chimera,
  title = {UCSF Chimera},
  owner = {mrsmith},
  timestamp = {2011.06.02},
  url = {http://www.cgl.ucsf.edu/chimera/}
}

@MANUAL{deep-view,
  title = {DeepView - Swiss-PdbViewer},
  owner = {mrsmith},
  timestamp = {2011.06.02},
  url = {http://spdbv.vital-it.ch/}
}

@MANUAL{gpl,
  title = {GNU General Public License, version 2},
  owner = {mrsmith},
  timestamp = {2011.06.02},
  url = {http://www.gnu.org/licenses/gpl-2.0.html}
}

@MANUAL{pdb,
  title = {The Protein Data Bank (PDB)},
  owner = {mrsmith},
  timestamp = {2011.06.02},
  url = {http://www.pdb.org/pdb/home/home.do}
}

@MANUAL{pymol,
  title = {PyMOL an molecular visualization system},
  owner = {mrsmith},
  timestamp = {2011.06.02},
  url = {http://www.pymol.org/}
}

@MANUAL{ugene,
  title = {Unipro UGENE: Integrated Bioinformatics Tools},
  owner = {mrsmith},
  timestamp = {2011.06.02},
  url = {http://ugene.unipro.ru}
}

@comment{jabref-meta: selector_publisher:}

@comment{jabref-meta: selector_author:}

@comment{jabref-meta: selector_journal:}

@comment{jabref-meta: selector_keywords:}

